@misc{nesdev,
url={http://wiki.nesdev.com/w/index.php/Nesdev_Wiki},
journal={Wiki.nesdev.com},
year={2017}
},

@misc{ganyer,
title={NES FPGA},
url={https://jonathanganyer.wordpress.com/nes-fpga/},
journal={jonathanganyer},
author={Ganyer, Johnathan}
},

@misc{strother,
title={FPGA NES},
url={https://danstrother.com/fpga-nes/},
journal={danstrother.com},
author={Strother, Dan},
year={2010}
}