@online{nesdev,
url={http://wiki.nesdev.com/w/index.php/Nesdev_Wiki},
journal={Wiki.nesdev.com},
year={2017},
urldate = {2017-10-08},
note = {(Date last accessed 8-October-2017)},
},

@online{Nintendo,
title={Nintendo Entertainment System},
url={https://www.nintendo.com/nes-classic/},
journal={https://www.nintendo.com/},
author={Nintendo},
note={(Date last accessed 9-October-2017)},
}

@online{ganyer,
title={NES FPGA},
url={https://jonathanganyer.wordpress.com/nes-fpga/},
journal={jonathanganyer},
author={Ganyer, Johnathan},
urldate = {2017-10-08},
note = {(Date last accessed 8-October-2017)},
},

@online{strother,
title={FPGA NES},
url={https://danstrother.com/fpga-nes/},
journal={danstrother.com},
author={Strother, Dan},
year={2010},
urldate = {2017-10-08},
note = {(Date last accessed 8-October-2017)},
}

@online{EXport,
title={Nintendo's Expansion Ports},
url={http://www.nintendoworldreport.com/feature/27664/nintendos-expansion-ports},
journal={Nintendo World Report},
year={2017},
urldate = {2017-10-08},
note = {(Date last accessed 8-October-2017)},
}

@misc{controller,
title={The NES Controller Handler},
url={https://tresi.github.io/nes/},
journal={Tresi.github.io},
year={2017},
urldate = {2017-10-08},
note = {(Date last accessed 8-October-2017)},
}